<?xml version="1.0" encoding="UTF-8"?>
<record>
  <leader>02459nam  2200529 i 4500</leader>
  <controlfield tag="001">99371026459206441</controlfield>
  <controlfield tag="005">20240529160010.0</controlfield>
  <controlfield tag="006">m     o  d |      </controlfield>
  <controlfield tag="007">cr#-n---------</controlfield>
  <controlfield tag="008">160726t20122012flua    ob    000 0 eng d</controlfield>
  <datafield tag="020" ind1=" " ind2=" ">
    <subfield code="a">0-429-10965-2</subfield>
  </datafield>
  <datafield tag="020" ind1=" " ind2=" ">
    <subfield code="a">1-4398-9689-5</subfield>
  </datafield>
  <datafield tag="035" ind1=" " ind2=" ">
    <subfield code="a">(CKB)2670000000593390</subfield>
  </datafield>
  <datafield tag="035" ind1=" " ind2=" ">
    <subfield code="a">(EBL)1449300</subfield>
  </datafield>
  <datafield tag="035" ind1=" " ind2=" ">
    <subfield code="a">(SSID)ssj0001442301</subfield>
  </datafield>
  <datafield tag="035" ind1=" " ind2=" ">
    <subfield code="a">(PQKBManifestationID)12568635</subfield>
  </datafield>
  <datafield tag="035" ind1=" " ind2=" ">
    <subfield code="a">(PQKBTitleCode)TC0001442301</subfield>
  </datafield>
  <datafield tag="035" ind1=" " ind2=" ">
    <subfield code="a">(PQKBWorkID)11421512</subfield>
  </datafield>
  <datafield tag="035" ind1=" " ind2=" ">
    <subfield code="a">(PQKB)10096728</subfield>
  </datafield>
  <datafield tag="035" ind1=" " ind2=" ">
    <subfield code="a">(MiAaPQ)EBC1449300</subfield>
  </datafield>
  <datafield tag="035" ind1=" " ind2=" ">
    <subfield code="a">(Au-PeEL)EBL1449300</subfield>
  </datafield>
  <datafield tag="035" ind1=" " ind2=" ">
    <subfield code="a">(CaPaEBR)ebr11166288</subfield>
  </datafield>
  <datafield tag="035" ind1=" " ind2=" ">
    <subfield code="a">(CaONFJC)MIL692703</subfield>
  </datafield>
  <datafield tag="035" ind1=" " ind2=" ">
    <subfield code="a">(OCoLC)908077848</subfield>
  </datafield>
  <datafield tag="035" ind1=" " ind2=" ">
    <subfield code="a">(EXLCZ)992670000000593390</subfield>
  </datafield>
  <datafield tag="040" ind1=" " ind2=" ">
    <subfield code="a">MiAaPQ</subfield>
    <subfield code="b">eng</subfield>
    <subfield code="e">rda</subfield>
    <subfield code="e">pn</subfield>
    <subfield code="c">MiAaPQ</subfield>
    <subfield code="d">MiAaPQ</subfield>
  </datafield>
  <datafield tag="041" ind1=" " ind2=" ">
    <subfield code="a">eng</subfield>
  </datafield>
  <datafield tag="050" ind1=" " ind2="4">
    <subfield code="a">QC320</subfield>
    <subfield code="b">.H36 2012</subfield>
  </datafield>
  <datafield tag="082" ind1="0" ind2=" ">
    <subfield code="a">621.402/2</subfield>
    <subfield code="2">23</subfield>
  </datafield>
  <datafield tag="100" ind1="1" ind2=" ">
    <subfield code="a">Han, Je-Chin,</subfield>
    <subfield code="d">1946-</subfield>
    <subfield code="e">author.</subfield>
  </datafield>
  <datafield tag="245" ind1="1" ind2="0">
    <subfield code="a">Analytical heat transfer /</subfield>
    <subfield code="c">Je-Chin Han.</subfield>
  </datafield>
  <datafield tag="264" ind1=" " ind2="1">
    <subfield code="a">Boca Raton, Florida ;</subfield>
    <subfield code="a">London, [England] ;</subfield>
    <subfield code="a">New York :</subfield>
    <subfield code="b">CRC Press,</subfield>
    <subfield code="c">2012.</subfield>
  </datafield>
  <datafield tag="264" ind1=" " ind2="4">
    <subfield code="c">©2012</subfield>
  </datafield>
  <datafield tag="300" ind1=" " ind2=" ">
    <subfield code="a">1 online resource (318 p.)</subfield>
  </datafield>
  <datafield tag="336" ind1=" " ind2=" ">
    <subfield code="a">text</subfield>
    <subfield code="b">txt</subfield>
  </datafield>
  <datafield tag="337" ind1=" " ind2=" ">
    <subfield code="a">computer</subfield>
    <subfield code="b">c</subfield>
  </datafield>
  <datafield tag="338" ind1=" " ind2=" ">
    <subfield code="a">online resource</subfield>
    <subfield code="b">cr</subfield>
  </datafield>
  <datafield tag="500" ind1=" " ind2=" ">
    <subfield code="a">Description based upon print version of record.</subfield>
  </datafield>
  <datafield tag="505" ind1="0" ind2=" ">
    <subfield code="a">Front Cover; Contents; Preface; Chapter 1. Heat Conduction Equations; Chapter 2. 1-D Steady-State Heat Conduction; Chapter 3. 2-D Steady-State Heat Conduction; Chapter 4. Transient Heat Conduction; Chapter 5. Numerical Analysis in Heat Conduction; Chapter 6. Heat Convection Equations; Chapter 7. External Forced Convection; Chapter 8. Internal Forced Convection; Chapter 9. Natural Convection; Chapter 10. Turbulent Flow Heat Transfer; Chapter 11. Fundamental Radiation; Chapter 12. View Factor; Chapter 13. Radiation Exchange in a Nonparticipating Medium</subfield>
  </datafield>
  <datafield tag="505" ind1="8" ind2=" ">
    <subfield code="a">Chapter 14. Radiation Transfer through GasesAppendix A: Mathematical Relations and Functions; Back Cover</subfield>
  </datafield>
  <datafield tag="520" ind1=" " ind2=" ">
    <subfield code="a">&lt;![CDATA[&lt;P&gt;... it will complete my library ... [and] complement the existing literature on heat transfer. It will be of value for both graduate students and faculty members.&lt;BR&gt;-Bengt Sunden, Lund University, Sweden&lt;/P&gt;]]&gt;</subfield>
  </datafield>
  <datafield tag="546" ind1=" " ind2=" ">
    <subfield code="a">English</subfield>
  </datafield>
  <datafield tag="504" ind1=" " ind2=" ">
    <subfield code="a">Includes bibliographical references at the end of each chapters.</subfield>
  </datafield>
  <datafield tag="588" ind1=" " ind2=" ">
    <subfield code="a">Description based on print version record.</subfield>
  </datafield>
  <datafield tag="650" ind1=" " ind2="0">
    <subfield code="a">Heat</subfield>
    <subfield code="x">Transmission.</subfield>
  </datafield>
  <datafield tag="776" ind1=" " ind2=" ">
    <subfield code="z">1-322-61421-0</subfield>
  </datafield>
  <datafield tag="776" ind1=" " ind2=" ">
    <subfield code="z">1-4398-6196-X</subfield>
  </datafield>
  <datafield tag="906" ind1=" " ind2=" ">
    <subfield code="a">BOOK</subfield>
  </datafield>
  <datafield tag="MBD" ind1=" " ind2=" ">
    <subfield code="M">49HBZ_NETWORK</subfield>
    <subfield code="i">99371026459206441</subfield>
    <subfield code="n">HBZ Network</subfield>
  </datafield>
  <datafield tag="MBD" ind1=" " ind2=" ">
    <subfield code="M">49HBZ_FHM</subfield>
    <subfield code="i">991006417541906485</subfield>
    <subfield code="n">FH / KA Münster</subfield>
  </datafield>
  <datafield tag="MBD" ind1=" " ind2=" ">
    <subfield code="M">49HBZ_ULB</subfield>
    <subfield code="i">991045197132506467</subfield>
    <subfield code="n">Universitaet Bonn</subfield>
  </datafield>
  <datafield tag="MBD" ind1=" " ind2=" ">
    <subfield code="M">49HBZ_UBK</subfield>
    <subfield code="i">991055589308406476</subfield>
    <subfield code="n">Universität Köln</subfield>
  </datafield>
  <datafield tag="MBD" ind1=" " ind2=" ">
    <subfield code="M">49HBZ_ULM</subfield>
    <subfield code="i">991044863038506449</subfield>
    <subfield code="n">Universität Münster</subfield>
  </datafield>
  <datafield tag="MBD" ind1=" " ind2=" ">
    <subfield code="M">49HBZ_FSW</subfield>
    <subfield code="i">9916325594906461</subfield>
    <subfield code="n">Fachhochschule Südwestfalen</subfield>
  </datafield>
  <datafield tag="MBD" ind1=" " ind2=" ">
    <subfield code="M">49HBZ_FHA</subfield>
    <subfield code="i">991005875817006444</subfield>
    <subfield code="n">Hochschulbibliothek der FH Aachen</subfield>
  </datafield>
  <datafield tag="MBD" ind1=" " ind2=" ">
    <subfield code="M">49HBZ_RHW</subfield>
    <subfield code="i">991002764538606479</subfield>
    <subfield code="n">Hochschule Rhein-Waal</subfield>
  </datafield>
  <datafield tag="MBD" ind1=" " ind2=" ">
    <subfield code="M">49HBZ_RUW</subfield>
    <subfield code="i">991004160108706453</subfield>
    <subfield code="n">Hochschule Ruhr West</subfield>
  </datafield>
  <datafield tag="MBD" ind1=" " ind2=" ">
    <subfield code="M">49HBZ_HMT</subfield>
    <subfield code="i">993453152406460</subfield>
    <subfield code="n">Hochschule für Musik und Tanz Köln</subfield>
  </datafield>
  <datafield tag="MBD" ind1=" " ind2=" ">
    <subfield code="M">49HBZ_KHO</subfield>
    <subfield code="i">991007213172106474</subfield>
    <subfield code="n">Katholische Hochschule Nordrhein-Westfalen</subfield>
  </datafield>
  <datafield tag="MBD" ind1=" " ind2=" ">
    <subfield code="M">49HBZ_RTU</subfield>
    <subfield code="i">992022100939207476</subfield>
    <subfield code="n">RPTU Kaiserslautern-Landau</subfield>
  </datafield>
  <datafield tag="MBD" ind1=" " ind2=" ">
    <subfield code="M">49HBZ_TGA</subfield>
    <subfield code="i">991000703032706469</subfield>
    <subfield code="n">Technische Fachhochschule - Georg Agricola</subfield>
  </datafield>
  <datafield tag="MNG" ind1=" " ind2=" ">
    <subfield code="c">System</subfield>
    <subfield code="f">TAYLORFRANCIS</subfield>
    <subfield code="i">marc21</subfield>
    <subfield code="l">84</subfield>
    <subfield code="e">false</subfield>
    <subfield code="d">2024-07-27 04:07:21 Europe/Berlin</subfield>
    <subfield code="g">992670000000593390</subfield>
    <subfield code="a">CKB</subfield>
    <subfield code="b">2021-10-21 23:05:41 Europe/Berlin</subfield>
  </datafield>
  <datafield tag="POR" ind1=" " ind2=" ">
    <subfield code="j">Ebook Central</subfield>
    <subfield code="x">System</subfield>
    <subfield code="a">5346038490006485</subfield>
    <subfield code="h">fhms-ez</subfield>
    <subfield code="M">49HBZ_FHM</subfield>
    <subfield code="p">6140729030006485</subfield>
    <subfield code="q">Ebook Central Perpetual, DDA and Subscription Titles</subfield>
    <subfield code="c">param</subfield>
    <subfield code="o">614330000000000002</subfield>
    <subfield code="y">2023-05-10 23:17:05 Europe/Berlin</subfield>
    <subfield code="w">2022-07-08 13:02:32 Europe/Berlin</subfield>
    <subfield code="D">https://eu04.alma.exlibrisgroup.com/view/uresolver/49HBZ_NETWORK/openurl?u.ignore_date_coverage=true&amp;portfolio_pid=5346038490006485&amp;Force_direct=true</subfield>
    <subfield code="v">System</subfield>
    <subfield code="z">2022-07-08 11:02:32</subfield>
    <subfield code="i">true</subfield>
    <subfield code="t">POL-2023-7903</subfield>
    <subfield code="S">6240729020006485</subfield>
    <subfield code="d">https://hbz-network.userservices.exlibrisgroup.com/view/uresolver/49HBZ_NETWORK/openurl?u.ignore_date_coverage=true&amp;rft.mms_id=991006417541906485</subfield>
    <subfield code="b">Available</subfield>
    <subfield code="f">BOOK</subfield>
    <subfield code="8">5346038490006485</subfield>
  </datafield>
  <datafield tag="POR" ind1=" " ind2=" ">
    <subfield code="j">Ebook Central</subfield>
    <subfield code="x">System</subfield>
    <subfield code="a">53100869840006461</subfield>
    <subfield code="h">DEFAULT</subfield>
    <subfield code="M">49HBZ_FSW</subfield>
    <subfield code="k">Online-Zugriff: 
- Off-Campus-Zugang
- Shibboleth</subfield>
    <subfield code="p">6182778260006461</subfield>
    <subfield code="r">ebooksnrw_proquest</subfield>
    <subfield code="q">Ebook Central (Proquest)</subfield>
    <subfield code="c">param</subfield>
    <subfield code="o">614330000000000002</subfield>
    <subfield code="y">2024-02-14 12:38:48 Europe/Berlin</subfield>
    <subfield code="w">2024-02-14 12:38:36 Europe/Berlin</subfield>
    <subfield code="D">https://eu04.alma.exlibrisgroup.com/view/uresolver/49HBZ_NETWORK/openurl?u.ignore_date_coverage=true&amp;portfolio_pid=53100869840006461&amp;Force_direct=true</subfield>
    <subfield code="s">Proquest Ebooks.NRW</subfield>
    <subfield code="v">System</subfield>
    <subfield code="z">2024-02-14 11:38:36</subfield>
    <subfield code="i">true</subfield>
    <subfield code="t">Bestellposten-2024-7026</subfield>
    <subfield code="S">6282778250006461</subfield>
    <subfield code="d">https://hbz-network.userservices.exlibrisgroup.com/view/uresolver/49HBZ_NETWORK/openurl?u.ignore_date_coverage=true&amp;rft.mms_id=9916325594906461</subfield>
    <subfield code="b">Available</subfield>
    <subfield code="f">BOOK</subfield>
    <subfield code="8">53100869840006461</subfield>
  </datafield>
  <datafield tag="POR" ind1=" " ind2=" ">
    <subfield code="j">OAPEN Open</subfield>
    <subfield code="x">System</subfield>
    <subfield code="a">53121845930006444</subfield>
    <subfield code="M">49HBZ_FHA</subfield>
    <subfield code="p">61119365120006444</subfield>
    <subfield code="q">OAPEN</subfield>
    <subfield code="c">param</subfield>
    <subfield code="o">613450000000000043</subfield>
    <subfield code="y">2023-11-30 16:33:50 Europe/Berlin</subfield>
    <subfield code="w">2023-11-30 16:33:50 Europe/Berlin</subfield>
    <subfield code="D">https://eu04.alma.exlibrisgroup.com/view/uresolver/49HBZ_NETWORK/openurl?u.ignore_date_coverage=true&amp;portfolio_pid=53121845930006444&amp;Force_direct=true</subfield>
    <subfield code="v">System</subfield>
    <subfield code="z">2023-11-30 15:33:50</subfield>
    <subfield code="i">false</subfield>
    <subfield code="S">62119365110006444</subfield>
    <subfield code="d">https://hbz-network.userservices.exlibrisgroup.com/view/uresolver/49HBZ_NETWORK/openurl?u.ignore_date_coverage=true&amp;rft.mms_id=991005875817006444</subfield>
    <subfield code="b">Available</subfield>
    <subfield code="f">BOOK</subfield>
    <subfield code="8">53121845930006444</subfield>
  </datafield>
  <datafield tag="POR" ind1=" " ind2=" ">
    <subfield code="j">Ebook Central</subfield>
    <subfield code="x">System</subfield>
    <subfield code="a">53117835510006444</subfield>
    <subfield code="M">49HBZ_FHA</subfield>
    <subfield code="p">6187069990006444</subfield>
    <subfield code="r">PROQUEST EBC</subfield>
    <subfield code="q">Proquest</subfield>
    <subfield code="c">param</subfield>
    <subfield code="o">614330000000000002</subfield>
    <subfield code="y">2023-09-17 12:32:08 Europe/Berlin</subfield>
    <subfield code="w">2023-09-17 12:31:55 Europe/Berlin</subfield>
    <subfield code="D">https://eu04.alma.exlibrisgroup.com/view/uresolver/49HBZ_NETWORK/openurl?u.ignore_date_coverage=true&amp;portfolio_pid=53117835510006444&amp;Force_direct=true</subfield>
    <subfield code="s">ProQuest Ebook Central</subfield>
    <subfield code="v">System</subfield>
    <subfield code="z">2023-09-17 10:31:55</subfield>
    <subfield code="i">false</subfield>
    <subfield code="S">6287069980006444</subfield>
    <subfield code="d">https://hbz-network.userservices.exlibrisgroup.com/view/uresolver/49HBZ_NETWORK/openurl?u.ignore_date_coverage=true&amp;rft.mms_id=991005875817006444</subfield>
    <subfield code="b">Available</subfield>
    <subfield code="f">BOOK</subfield>
    <subfield code="8">53117835510006444</subfield>
  </datafield>
  <datafield tag="POR" ind1=" " ind2=" ">
    <subfield code="j">EBSCOhost</subfield>
    <subfield code="x">System</subfield>
    <subfield code="a">53121468900006444</subfield>
    <subfield code="M">49HBZ_FHA</subfield>
    <subfield code="p">61119365180006444</subfield>
    <subfield code="q">EBSCOhost eBook Open Access</subfield>
    <subfield code="c">param</subfield>
    <subfield code="o">615470000000000411</subfield>
    <subfield code="y">2023-11-30 15:28:34 Europe/Berlin</subfield>
    <subfield code="w">2023-11-30 15:28:34 Europe/Berlin</subfield>
    <subfield code="D">https://eu04.alma.exlibrisgroup.com/view/uresolver/49HBZ_NETWORK/openurl?u.ignore_date_coverage=true&amp;portfolio_pid=53121468900006444&amp;Force_direct=true</subfield>
    <subfield code="v">System</subfield>
    <subfield code="z">2023-11-30 14:28:34</subfield>
    <subfield code="i">false</subfield>
    <subfield code="S">62119365170006444</subfield>
    <subfield code="d">https://hbz-network.userservices.exlibrisgroup.com/view/uresolver/49HBZ_NETWORK/openurl?u.ignore_date_coverage=true&amp;rft.mms_id=991005875817006444</subfield>
    <subfield code="b">Available</subfield>
    <subfield code="f">BOOK</subfield>
    <subfield code="8">53121468900006444</subfield>
  </datafield>
  <datafield tag="POR" ind1=" " ind2=" ">
    <subfield code="j">Ebook Central</subfield>
    <subfield code="x">System</subfield>
    <subfield code="a">5323588610006479</subfield>
    <subfield code="h">ezProxy</subfield>
    <subfield code="M">49HBZ_RHW</subfield>
    <subfield code="p">6119553160006479</subfield>
    <subfield code="q">Ebook Central Perpetual, DDA and Subscription Titles</subfield>
    <subfield code="c">param</subfield>
    <subfield code="o">614330000000000002</subfield>
    <subfield code="y">2023-12-15 16:26:37 Europe/Berlin</subfield>
    <subfield code="w">2023-08-21 17:30:18 Europe/Berlin</subfield>
    <subfield code="D">https://eu04.alma.exlibrisgroup.com/view/uresolver/49HBZ_NETWORK/openurl?u.ignore_date_coverage=true&amp;portfolio_pid=5323588610006479&amp;Force_direct=true</subfield>
    <subfield code="v">System</subfield>
    <subfield code="z">2023-08-21 15:30:18</subfield>
    <subfield code="i">true</subfield>
    <subfield code="S">6219553150006479</subfield>
    <subfield code="d">https://hbz-network.userservices.exlibrisgroup.com/view/uresolver/49HBZ_NETWORK/openurl?u.ignore_date_coverage=true&amp;rft.mms_id=991002764538606479</subfield>
    <subfield code="b">Available</subfield>
    <subfield code="f">BOOK</subfield>
    <subfield code="8">5323588610006479</subfield>
  </datafield>
  <datafield tag="POR" ind1=" " ind2=" ">
    <subfield code="j">Ebook Central</subfield>
    <subfield code="x">System</subfield>
    <subfield code="a">5330294100006453</subfield>
    <subfield code="h">EZ</subfield>
    <subfield code="M">49HBZ_RUW</subfield>
    <subfield code="p">6124408780006453</subfield>
    <subfield code="q">Ebook Central Perpetual, DDA and Subscription Titles</subfield>
    <subfield code="c">param</subfield>
    <subfield code="o">614330000000000002</subfield>
    <subfield code="y">2023-09-16 12:38:32 Europe/Berlin</subfield>
    <subfield code="w">2023-09-16 12:37:28 Europe/Berlin</subfield>
    <subfield code="D">https://eu04.alma.exlibrisgroup.com/view/uresolver/49HBZ_NETWORK/openurl?u.ignore_date_coverage=true&amp;portfolio_pid=5330294100006453&amp;Force_direct=true</subfield>
    <subfield code="v">System</subfield>
    <subfield code="z">2023-09-16 10:37:28</subfield>
    <subfield code="i">true</subfield>
    <subfield code="S">6224408770006453</subfield>
    <subfield code="d">https://hbz-network.userservices.exlibrisgroup.com/view/uresolver/49HBZ_NETWORK/openurl?u.ignore_date_coverage=true&amp;rft.mms_id=991004160108706453</subfield>
    <subfield code="b">Available</subfield>
    <subfield code="f">BOOK</subfield>
    <subfield code="8">5330294100006453</subfield>
  </datafield>
  <datafield tag="POR" ind1=" " ind2=" ">
    <subfield code="j">Ebook Central</subfield>
    <subfield code="x">System</subfield>
    <subfield code="a">5324918280006460</subfield>
    <subfield code="M">49HBZ_HMT</subfield>
    <subfield code="p">6123364760006460</subfield>
    <subfield code="q">Ebook Central Perpetual, DDA and Subscription Titles</subfield>
    <subfield code="c">param</subfield>
    <subfield code="o">614330000000000002</subfield>
    <subfield code="y">2024-12-01 20:57:09 Europe/Berlin</subfield>
    <subfield code="w">2024-12-01 20:57:02 Europe/Berlin</subfield>
    <subfield code="D">https://eu04.alma.exlibrisgroup.com/view/uresolver/49HBZ_NETWORK/openurl?u.ignore_date_coverage=true&amp;portfolio_pid=5324918280006460&amp;Force_direct=true</subfield>
    <subfield code="v">System</subfield>
    <subfield code="z">2024-12-01 19:57:02</subfield>
    <subfield code="i">false</subfield>
    <subfield code="S">6223364750006460</subfield>
    <subfield code="d">https://hbz-network.userservices.exlibrisgroup.com/view/uresolver/49HBZ_NETWORK/openurl?u.ignore_date_coverage=true&amp;rft.mms_id=993453152406460</subfield>
    <subfield code="b">Available</subfield>
    <subfield code="f">BOOK</subfield>
    <subfield code="8">5324918280006460</subfield>
  </datafield>
  <datafield tag="POR" ind1=" " ind2=" ">
    <subfield code="j">Ebook Central</subfield>
    <subfield code="x">System</subfield>
    <subfield code="a">5344169600006474</subfield>
    <subfield code="M">49HBZ_KHO</subfield>
    <subfield code="p">6132099340006474</subfield>
    <subfield code="q">Ebook Central Perpetual, DDA and Subscription Titles</subfield>
    <subfield code="c">param</subfield>
    <subfield code="o">614330000000000002</subfield>
    <subfield code="y">2024-07-18 20:56:36 Europe/Berlin</subfield>
    <subfield code="w">2024-07-18 20:56:31 Europe/Berlin</subfield>
    <subfield code="D">https://eu04.alma.exlibrisgroup.com/view/uresolver/49HBZ_NETWORK/openurl?u.ignore_date_coverage=true&amp;portfolio_pid=5344169600006474&amp;Force_direct=true</subfield>
    <subfield code="v">System</subfield>
    <subfield code="z">2024-07-18 18:56:31</subfield>
    <subfield code="i">false</subfield>
    <subfield code="t">POL2024-1108</subfield>
    <subfield code="S">6232099330006474</subfield>
    <subfield code="d">https://hbz-network.userservices.exlibrisgroup.com/view/uresolver/49HBZ_NETWORK/openurl?u.ignore_date_coverage=true&amp;rft.mms_id=991007213172106474</subfield>
    <subfield code="b">Available</subfield>
    <subfield code="f">BOOK</subfield>
    <subfield code="8">5344169600006474</subfield>
  </datafield>
  <datafield tag="POR" ind1=" " ind2=" ">
    <subfield code="j">Ebook Central</subfield>
    <subfield code="x">System</subfield>
    <subfield code="a">53126298490007476</subfield>
    <subfield code="M">49HBZ_RTU</subfield>
    <subfield code="p">61111309380007476</subfield>
    <subfield code="r">Proquest</subfield>
    <subfield code="q">Ebook Central Perpetual, DDA and Subscription Titles</subfield>
    <subfield code="c">param</subfield>
    <subfield code="o">614330000000000002</subfield>
    <subfield code="y">2024-08-12 18:03:43 Europe/Berlin</subfield>
    <subfield code="w">2023-09-16 13:00:39 Europe/Berlin</subfield>
    <subfield code="D">https://eu04.alma.exlibrisgroup.com/view/uresolver/49HBZ_NETWORK/openurl?u.ignore_date_coverage=true&amp;portfolio_pid=53126298490007476&amp;Force_direct=true</subfield>
    <subfield code="s">Proquest Ebook Central</subfield>
    <subfield code="v">System</subfield>
    <subfield code="z">2023-09-16 11:00:39</subfield>
    <subfield code="i">false</subfield>
    <subfield code="S">62111309370007476</subfield>
    <subfield code="d">https://hbz-network.userservices.exlibrisgroup.com/view/uresolver/49HBZ_NETWORK/openurl?u.ignore_date_coverage=true&amp;rft.mms_id=992022100939207476</subfield>
    <subfield code="b">Available</subfield>
    <subfield code="f">BOOK</subfield>
    <subfield code="8">53126298490007476</subfield>
  </datafield>
  <datafield tag="POR" ind1=" " ind2=" ">
    <subfield code="j">Ebook Central</subfield>
    <subfield code="x">System</subfield>
    <subfield code="a">5311940560006469</subfield>
    <subfield code="M">49HBZ_TGA</subfield>
    <subfield code="p">6111447590006469</subfield>
    <subfield code="q">Ebook Central Perpetual, DDA and Subscription Titles</subfield>
    <subfield code="c">param</subfield>
    <subfield code="o">614330000000000002</subfield>
    <subfield code="y">2023-09-17 02:04:01 Europe/Berlin</subfield>
    <subfield code="w">2023-09-17 02:03:41 Europe/Berlin</subfield>
    <subfield code="D">https://eu04.alma.exlibrisgroup.com/view/uresolver/49HBZ_NETWORK/openurl?u.ignore_date_coverage=true&amp;portfolio_pid=5311940560006469&amp;Force_direct=true</subfield>
    <subfield code="v">System</subfield>
    <subfield code="z">2023-09-17 00:03:41</subfield>
    <subfield code="i">false</subfield>
    <subfield code="S">6211447580006469</subfield>
    <subfield code="d">https://hbz-network.userservices.exlibrisgroup.com/view/uresolver/49HBZ_NETWORK/openurl?u.ignore_date_coverage=true&amp;rft.mms_id=991000703032706469</subfield>
    <subfield code="b">Available</subfield>
    <subfield code="f">BOOK</subfield>
    <subfield code="8">5311940560006469</subfield>
  </datafield>
  <datafield tag="POR" ind1=" " ind2=" ">
    <subfield code="j">OAPEN Open</subfield>
    <subfield code="x">System</subfield>
    <subfield code="a">53351237030006467</subfield>
    <subfield code="M">49HBZ_ULB</subfield>
    <subfield code="p">61320824780006467</subfield>
    <subfield code="q">OAPEN</subfield>
    <subfield code="c">param</subfield>
    <subfield code="o">613450000000000043</subfield>
    <subfield code="y">2023-07-25 20:13:30 Europe/Berlin</subfield>
    <subfield code="w">2023-07-25 20:13:17 Europe/Berlin</subfield>
    <subfield code="D">https://eu04.alma.exlibrisgroup.com/view/uresolver/49HBZ_NETWORK/openurl?u.ignore_date_coverage=true&amp;portfolio_pid=53351237030006467&amp;Force_direct=true</subfield>
    <subfield code="v">NON_SFX_CREATOR</subfield>
    <subfield code="z">2023-07-25 18:13:17</subfield>
    <subfield code="i">false</subfield>
    <subfield code="S">62320824770006467</subfield>
    <subfield code="d">https://hbz-network.userservices.exlibrisgroup.com/view/uresolver/49HBZ_NETWORK/openurl?u.ignore_date_coverage=true&amp;rft.mms_id=991045197132506467</subfield>
    <subfield code="b">Available</subfield>
    <subfield code="f">BOOK</subfield>
    <subfield code="8">53351237030006467</subfield>
  </datafield>
  <datafield tag="POR" ind1=" " ind2=" ">
    <subfield code="j">Ebook Central</subfield>
    <subfield code="x">System</subfield>
    <subfield code="a">53350464330006476</subfield>
    <subfield code="M">49HBZ_UBK</subfield>
    <subfield code="p">61338519470006476</subfield>
    <subfield code="q">Ebook Central Perpetual, DDA and Subscription Titles</subfield>
    <subfield code="c">param</subfield>
    <subfield code="o">614330000000000002</subfield>
    <subfield code="y">2024-10-15 05:53:54 Europe/Berlin</subfield>
    <subfield code="w">2023-09-17 02:05:41 Europe/Berlin</subfield>
    <subfield code="D">https://eu04.alma.exlibrisgroup.com/view/uresolver/49HBZ_NETWORK/openurl?u.ignore_date_coverage=true&amp;portfolio_pid=53350464330006476&amp;Force_direct=true</subfield>
    <subfield code="v">System</subfield>
    <subfield code="z">2023-09-17 00:05:41</subfield>
    <subfield code="i">false</subfield>
    <subfield code="S">62338519460006476</subfield>
    <subfield code="d">https://hbz-network.userservices.exlibrisgroup.com/view/uresolver/49HBZ_NETWORK/openurl?u.ignore_date_coverage=true&amp;rft.mms_id=991055589308406476</subfield>
    <subfield code="b">Available</subfield>
    <subfield code="f">BOOK</subfield>
    <subfield code="8">53350464330006476</subfield>
  </datafield>
  <datafield tag="POR" ind1=" " ind2=" ">
    <subfield code="j">OAPEN Open</subfield>
    <subfield code="x">System</subfield>
    <subfield code="a">53330491220006476</subfield>
    <subfield code="M">49HBZ_UBK</subfield>
    <subfield code="p">61330204840006476</subfield>
    <subfield code="q">OAPEN</subfield>
    <subfield code="c">param</subfield>
    <subfield code="o">613450000000000043</subfield>
    <subfield code="y">2023-08-23 01:27:13 Europe/Berlin</subfield>
    <subfield code="w">2023-08-23 01:26:57 Europe/Berlin</subfield>
    <subfield code="D">https://eu04.alma.exlibrisgroup.com/view/uresolver/49HBZ_NETWORK/openurl?u.ignore_date_coverage=true&amp;portfolio_pid=53330491220006476&amp;Force_direct=true</subfield>
    <subfield code="v">NON_SFX_CREATOR</subfield>
    <subfield code="z">2023-08-22 23:26:57</subfield>
    <subfield code="i">false</subfield>
    <subfield code="S">62330204830006476</subfield>
    <subfield code="d">https://hbz-network.userservices.exlibrisgroup.com/view/uresolver/49HBZ_NETWORK/openurl?u.ignore_date_coverage=true&amp;rft.mms_id=991055589308406476</subfield>
    <subfield code="b">Available</subfield>
    <subfield code="f">BOOK</subfield>
    <subfield code="8">53330491220006476</subfield>
  </datafield>
  <datafield tag="POR" ind1=" " ind2=" ">
    <subfield code="j">Ebook Central</subfield>
    <subfield code="x">System</subfield>
    <subfield code="a">53661210840006449</subfield>
    <subfield code="M">49HBZ_ULM</subfield>
    <subfield code="p">61648640590006449</subfield>
    <subfield code="q">Proquest (Ebook Central)</subfield>
    <subfield code="c">param</subfield>
    <subfield code="o">614330000000000002</subfield>
    <subfield code="y">2023-07-14 13:44:09 Europe/Berlin</subfield>
    <subfield code="w">2023-07-07 19:20:14 Europe/Berlin</subfield>
    <subfield code="D">https://eu04.alma.exlibrisgroup.com/view/uresolver/49HBZ_NETWORK/openurl?u.ignore_date_coverage=true&amp;portfolio_pid=53661210840006449&amp;Force_direct=true</subfield>
    <subfield code="v">System</subfield>
    <subfield code="z">2023-07-07 17:20:14</subfield>
    <subfield code="i">false</subfield>
    <subfield code="S">62659001800006449</subfield>
    <subfield code="d">https://hbz-network.userservices.exlibrisgroup.com/view/uresolver/49HBZ_NETWORK/openurl?u.ignore_date_coverage=true&amp;rft.mms_id=991044863038506449</subfield>
    <subfield code="b">Available</subfield>
    <subfield code="f">BOOK</subfield>
    <subfield code="8">53661210840006449</subfield>
  </datafield>
</record>
